@article{mcknight1996meanings,
  title={The meanings of trust},
  author={McKnight, D Harrison and Chervany, Norman L},
  year={1996},
  publisher={Citeseer}
}
@incollection{mcknight2001trust,
  title={Trust and distrust definitions: One bite at a time},
  author={McKnight, D Harrison and Chervany, Norman L},
  booktitle={Trust in Cyber-societies},
  pages={27--54},
  year={2001},
  publisher={Springer}
}
@article{gambetta2000can,
  title={Can we trust trust},
  author={Gambetta, Diego and others},
  journal={Trust: Making and breaking cooperative relations},
  volume={13},
  pages={213--237},
  year={2000}
}
@article{zacharia2000collaborative,
  title={Collaborative reputation mechanisms for electronic marketplaces},
  author={Zacharia, Giorgos and Moukas, Alexandros and Maes, Pattie},
  journal={Decision support systems},
  volume={29},
  number={4},
  pages={371--388},
  year={2000},
  publisher={Elsevier}
}
@article{josang2007survey,
  title={A survey of trust and reputation systems for online service provision},
  author={J{\o}sang, Audun and Ismail, Roslan and Boyd, Colin},
  journal={Decision support systems},
  volume={43},
  number={2},
  pages={618--644},
  year={2007},
  publisher={Elsevier}
}
@Article{Sabater2005,
author="Sabater, Jordi
and Sierra, Carles",
title="Review on Computational Trust and Reputation Models",
journal="Artificial Intelligence Review",
year="2005",
month="Sep",
day="01",
volume="24",
number="1",
pages="33--60",
abstract="The scientific research in the area of computational mechanisms for trust and reputation in virtual societies is a recent discipline oriented to increase the reliability and performance of electronic communities. Computer science has moved from the paradigm of isolated machines to the paradigm of networks and distributed computing. Likewise, artificial intelligence is quickly moving from the paradigm of isolated and non-situated intelligence to the paradigm of situated, social and collective intelligence. The new paradigm of the so called intelligent or autonomous agents and multi-agent systems (MAS) together with the spectacular emergence of the information society technologies (specially reflected by the popularization of electronic commerce) are responsible for the increasing interest on trust and reputation mechanisms applied to electronic societies. This review wants to offer a panoramic view on current computational trust and reputation models.",
issn="1573-7462",
doi="10.1007/s10462-004-0041-5",
url="https://doi.org/10.1007/s10462-004-0041-5"
}
@article{castelfranchi2000trust,
  title={Trust and control: A dialectic link},
  author={Castelfranchi, Cristiano and Falcone, Rino},
  journal={Applied Artificial Intelligence},
  volume={14},
  number={8},
  pages={799--823},
  year={2000},
  publisher={Taylor \& Francis}
}
@inproceedings{rasmusson1996simulated,
  title={Simulated social control for secure Internet commerce},
  author={Rasmusson, Lars and Jansson, Sverker},
  booktitle={Proceedings of the 1996 workshop on New security paradigms},
  pages={18--25},
  year={1996},
  organization={ACM}
}
@inproceedings{mui2002notions,
  title={Notions of reputation in multi-agents systems: a review},
  author={Mui, Lik and Mohtashemi, Mojdeh and Halberstadt, Ari},
  booktitle={Proceedings of the first international joint conference on Autonomous agents and multiagent systems: part 1},
  pages={280--287},
  year={2002},
  organization={ACM}
}
@inproceedings{carbone2003formal,
  title={A formal model for trust in dynamic networks},
  author={Carbone, Marco and Nielsen, Mogens and Sassone, Vladimiro},
  booktitle={Software Engineering and Formal Methods, 2003. Proceedings. First International Conference on},
  pages={54--61},
  year={2003},
  organization={IEEE}
}
@inproceedings{enoughBitcoinForEthereum,
  title={Just Enough Bitcoin for Ethereum},
  author={Goldin Mike},
  note = {Accessed 23 Dec 2017, [Online]. Available: \url{https://media.consensys.net/time-sure-does-fly-ed4518792679}},
  year={Oct 12, 2015},
  organization={Consensys}
}
@inproceedings{Bitcoin_Satoshi,
  title={Bitcoin: A Peer-to-Peer Electronic Cash System},
  author={Nakamoto Satoshi},
  note = {Accessed 23 Dec 2017, [Online]. Available: \url{https://bitcoin.org/bitcoin.pdf}},
  year={Oct 31, 2008},
  organization={Bitcoin}
}
@article{miller2010trust,
  title={In trust we trust},
  author={Miller, Keith W and Voas, Jeffrey and Laplante, Phil},
  journal={Computer},
  volume={43},
  number={10},
  pages={85--87},
  year={2010},
  publisher={IEEE}
}
@book{swan2015blockchain,
  title={Blockchain: Blueprint for a new economy},
  author={Swan, Melanie},
  year={2015},
  publisher={" O'Reilly Media, Inc."}
}
@book{bondy1976graph,
  title={Graph theory with applications},
  author={Bondy, John Adrian and Murty, Uppaluri Siva Ramachandra and others},
  volume={290},
  year={1976},
  publisher={Citeseer}
}
@inproceedings{kamvar2003eigentrust,
  title={The eigentrust algorithm for reputation management in p2p networks},
  author={Kamvar, Sepandar D and Schlosser, Mario T and Garcia-Molina, Hector},
  booktitle={Proceedings of the 12th international conference on World Wide Web},
  pages={640--651},
  year={2003},
  organization={ACM}
}
@inproceedings{symmetrickey,
  title={Symmetric Key in Use},
  author={Goldin Mike},
  note = {Accessed 27 Feb 2018, [Online]. Available: \url{http://securitycerts.org/review/symmetric-key-in-use.htm}},
  year={Oct 12, 2015},
  organization={SecurITyCerts dot Org}
}
@article{pilkington201611,
  title={11 Blockchain technology: principles and applications},
  author={Pilkington, Marc},
  journal={Research handbook on digital transformations},
  pages={225},
  year={2016},
  publisher={Edward Elgar Publishing}
}
@article{buterin2013ethereum,
  title={Ethereum white paper},
  author={Buterin, Vitalik and others},
  journal={GitHub repository},
  year={2013}
}

@article{hill2003social,
  title={Social network size in humans},
  author={Hill, Russell A and Dunbar, Robin IM},
  journal={Human nature},
  volume={14},
  number={1},
  pages={53--72},
  year={2003},
  publisher={Springer}
}
