% Web page
@misc{caffe,
  title = {{Caffe | Deep Learning Framework}},
  howpublished = {\url{http://caffe.berkeleyvision.org/}},
  note = {Accessed: 2017-12-10}
}
